@article{SneeRon,
author = {Snee, Ron},
year = {1980},
month = {01},
pages = {},
title = {Regression Diagnostics: Identifying Influential Data and Sources of Collinearity, Book Review},
journal = {Journal of Quality Technology}
}

@article{Leamer,
title = {Multicollinearity: A Bayesian Interpretation},
author = {Leamer, Edward},
year = {1973},
journal = {The Review of Economics and Statistics},
volume = {55},
number = {3},
pages = {371-80},
url = {https://EconPapers.repec.org/RePEc:tpr:restat:v:55:y:1973:i:3:p:371-80}
}

@article{KatrutsaS17,
  title =	"Comprehensive study of feature selection methods to
		 solve multicollinearity problem according to evaluation
		 criteria",
  author =	"Alexandr Katrutsa and Vadim V. Strijov",
  journal =	"Expert Syst. Appl",
  year = 	"2017",
  volume =	"76",
  bibdate =	"2018-11-30",
  bibsource =	"DBLP,
		 http://dblp.uni-trier.de/https://doi.org/10.1016/j.eswa.2017.01.048;
		 DBLP,
		 http://dblp.uni-trier.de/https://www.wikidata.org/entity/Q56461932;
		 DBLP,
		 http://dblp.uni-trier.de/db/journals/eswa/eswa76.html#KatrutsaS17",
  pages =	"1--11",
}

@article{FeatureSelection1,
author = {Guyon, Isabelle and Elisseeff, Andr√©},
year = {2003},
month = {01},
pages = {1157 - 1182},
title = {An Introduction of Variable and Feature Selection},
volume = {3},
journal = {J. Machine Learning Research Special Issue on Variable and Feature Selection},
doi = {10.1162/153244303322753616}
}

@article{FeatureSelection2,
author = {Ibrahim, Nuhu and Hamid, H.A. and Rahman, Shuzlina and Fong, Simon},
year = {2018},
month = {01},
pages = {329-340},
title = {Feature selection methods: Case of filter and wrapper approaches for maximising classification accuracy},
volume = {26},
journal = {Pertanika Journal of Science and Technology}
}

@article{Katrutsa15,
author = {Katrutsa, Aleksandr and Strijov, Vadim},
year = {2015},
month = {02},
pages = {},
title = {Stresstest procedure for feature selection algorithms},
volume = {142},
journal = {Chemometrics and Intelligent Laboratory Systems},
doi = {10.1016/j.chemolab.2015.01.018}
}